%% Link para os tipos de referencia e os inputs
%%  https://www.overleaf.com/learn/latex/Bibliography_management_in_LaTeX#Reference_guide %%




%%Paper Luca Schenato Zero or Hold
@ARTICLE{Schenato2009,
  title = {To Zero or to Hold Control Inputs With Lossy Links?},
  publisher = {IEEE Xplore},
  year = {2009},
  month = {5},
  author = {Schenato, Luca},
  pages = {1093--1099},
  journal = {IEEE Transactions on Automatic Control},
  volume = {54},
  number = {5},
  address = {Campinas, SP - Brasil},
}




@BOOK{Franklin2013,
  title = {{Sistemas de Controle para Engenharia}},
  publisher = {bookman},
  year = {2013},
  author = {Franklin, Gene F. and Emami-Naeini, Abbas and Powel, David},
  address = {Porto Alegre, Brasil},
  edition = {6},

}


@online{Penrose2020,
        title = {Is Math Invented or Discovered? - Closer To Truth},
        date = {2020},
        organization = {Youtube},
        author = {Roger Penrose},
        url = {https://www.youtube.com/watch?v=ujvS2K06dg4},
}